<?xml version="1.0" encoding="UTF-8"?><collection xmlns="http://www.loc.gov/MARC21/slim"><record><leader>00408nam--2200133-i-4500</leader><controlfield tag="001">000043862</controlfield><controlfield tag="002">20161230</controlfield><controlfield tag="005">20161230201044</controlfield><controlfield tag="008">060222s1000------------r-----000-0-eng-d</controlfield><datafield ind1=" " ind2=" " tag="080"><subfield code="a">621.7.06</subfield></datafield><datafield ind1=" " ind2=" " tag="100"><subfield code="a">Sturzu, Aurel</subfield></datafield><datafield ind1=" " ind2=" " tag="245"><subfield code="a">Bazele proiectarii dispozitivelor de control al formei si pozitiei relative a suprafetelor in constructia de masini</subfield></datafield><datafield ind1=" " ind2=" " tag="260"><subfield code="a">Bucuresti, Ed.Tehnica, 1977, 287p</subfield></datafield><datafield ind1=" " ind2=" " tag="852"><subfield code="a">44361</subfield></datafield></record></collection>